@online{publiccomps,
    title = "Elastic Q1 FY2021 Analysis",
	author = "Howard Chen",
    url  = "https://blog.publiccomps.com/elasticsearchq1fy2021/",
    urldate = "2021-06-06"
}

@online{kaggle-dataset,
    title = "tehran-real-estate-prices",
	author = "Amirali Taheri",
    url  = "https://www.kaggle.com/amiralitaheri/tehranrealestateprices",
    urldate = "2021-06-11"
}

@online{elastic-website,
    title = "Elastic Stack and Product Documentation",
    url  = "https://www.elastic.co/guide/index.html",
    urldate = "2021-04-19", 
}

@book{definitive-guide,
    title = {Elasticsearch: The Definitive Guide: A Distributed Real-Time Search and Analytics Engine},
    author = {Clinton Gormley, Zachary Tong},
    isbn = {1449358543},
    year = {2015},
    publisher = {O'Reilly Media}
}

@article{praveen,
	author =       "Praveen M Dhulavvagol,Vijayakumar H Bhajantria, S G Totada 
	",
	title =        "Performance Analysis of Distributed Processing System using 
	Shard Selection Techniques on Elasticsearch",
	journal =      "Procedia Computer Science",
	volume =       "167",
	year =         "2020",
	DOI =          "https://doi.org/10.1016/j.procs.2020.03.373"
}